@misc{cover-image,
   author = "k3no",
   note = "Cover image",
   url = {https://becominghuman.ai/making-a-simple-neural-network-2ea1de81ec20}
}
